<?xml version="1.0" encoding="UTF-8"?><collection xmlns="http://www.loc.gov/MARC21/slim"><record><leader>00425nam--2200121-i-4500</leader><controlfield tag="001">000047838</controlfield><controlfield tag="002">20161230</controlfield><controlfield tag="005">20161230201046</controlfield><controlfield tag="008">060222s1000------------r-----000-0-eng-d</controlfield><datafield ind1=" " ind2=" " tag="100"><subfield code="a">Wurster Ewald</subfield></datafield><datafield ind1=" " ind2=" " tag="245"><subfield code="a">Feldelektronenmikroskopie bis 10 torr an wolfram mit zirkon und an beryllium. einfluss mittels omegatron quantitativ vestimmter gasmengen. thesis</subfield></datafield><datafield ind1=" " ind2=" " tag="260"><subfield code="a">Stuttgart, Technische Hochschuyle, 1963, 112p</subfield></datafield><datafield ind1=" " ind2=" " tag="852"><subfield code="a">18992</subfield></datafield></record></collection>